<?xml version="1.0" encoding="UTF-8"?><collection xmlns="http://www.loc.gov/MARC21/slim"><record><leader>00471nam--2200181-u-4500</leader><controlfield tag="001">000054047</controlfield><controlfield tag="002">20161230</controlfield><controlfield tag="005">20161230201051</controlfield><controlfield tag="008">110729s1000------------r-----000-0-rus-d</controlfield><datafield ind1=" " ind2=" " tag="040"><subfield code="a">IFIN-HH</subfield></datafield><datafield ind1=" " ind2=" " tag="041"><subfield code="a">rus</subfield></datafield><datafield ind1=" " ind2=" " tag="080"><subfield code="a">537.222.22</subfield></datafield><datafield ind1=" " ind2=" " tag="110"><subfield code="a">Akademia Nauk Moldavskoi SSR</subfield></datafield><datafield ind1="1" ind2="0" tag="245"><subfield code="a">Neodnorodnie i primesnie poluprovodniki vo vnesnih poliah</subfield></datafield><datafield ind1=" " ind2=" " tag="260"><subfield code="a">Kisinev</subfield><subfield code="b">Stiinta</subfield><subfield code="c">1979</subfield></datafield><datafield ind1=" " ind2=" " tag="300"><subfield code="a">148P</subfield></datafield><datafield ind1=" " ind2=" " tag="852"><subfield code="a">75150</subfield><subfield code="c">537.311.33</subfield></datafield><datafield ind1=" " ind2=" " tag="CAT"><subfield code="a">Sys</subfield><subfield code="c">20110729</subfield><subfield code="h">132604</subfield></datafield></record></collection>